[gd_scene load_steps=10 format=2]

[ext_resource path="res://Objects/Level/Level.tscn" type="PackedScene" id=1]
[ext_resource path="res://Objects/Star/Star.tscn" type="PackedScene" id=2]
[ext_resource path="res://Textures/Sun.jpg" type="Texture" id=3]
[ext_resource path="res://Objects/Planet/Planet.tscn" type="PackedScene" id=4]
[ext_resource path="res://Textures/Earth.jpg" type="Texture" id=5]
[ext_resource path="res://Textures/Mars.jpg" type="Texture" id=6]
[ext_resource path="res://Textures/Jupiter.jpg" type="Texture" id=7]
[ext_resource path="res://Objects/GolfBall/GolfBall.tscn" type="PackedScene" id=8]
[ext_resource path="res://Objects/BlackHole/BlackHole.tscn" type="PackedScene" id=9]

[node name="Level03" index="0" instance=ExtResource( 1 )]

[node name="Star" parent="." index="2" instance=ExtResource( 2 )]
transform = Transform( 1, 0, 0, 0, 1, 0, 0, 0, 1, 66.7332, 0, 0 )
radius = 68.0
gravity = 8.0
gravity_radius_factor = 1.68
texture = ExtResource( 3 )
field_color = Color( 0.94902, 0.603922, 0.0705882, 0.27451 )

[node name="Earth" parent="." index="3" instance=ExtResource( 4 )]
transform = Transform( 1, 0, 0, 0, 1, 0, 0, 0, 1, 0.338318, -0.396317, -140.069 )
radius = 11.84
gravity = 10.0
gravity_radius_factor = 2.79
texture = ExtResource( 5 )
field_color = Color( 0.168627, 0.384314, 0.505882, 0.454902 )

[node name="Mars" parent="." index="4" instance=ExtResource( 4 )]
transform = Transform( 1, 0, 0, 0, 1, 0, 0, 0, 1, -36.6874, -76.8039, -126.203 )
radius = 11.84
gravity = 15.0
gravity_radius_factor = 3.33
texture = ExtResource( 6 )
field_color = Color( 0.662745, 0.454902, 0.164706, 0.454902 )

[node name="Jupiter" parent="." index="5" instance=ExtResource( 4 )]
transform = Transform( 1, 0, 0, 0, 1, 0, 0, 0, 1, 152.654, -20.6124, 286.374 )
radius = 100.0
gravity = 35.0
gravity_radius_factor = 1.59
texture = ExtResource( 7 )
field_color = Color( 0.588235, 0.572549, 0.156863, 0.454902 )

[node name="GolfBall" parent="." index="6" instance=ExtResource( 8 )]
transform = Transform( 1, 0, 0, 0, 1, 0, 0, 0, 1, 0, 8.82371, -132.427 )
MAX_charge = 50.0

[node name="BlackHole" parent="." index="7" instance=ExtResource( 9 )]
editor/display_folded = true
transform = Transform( 40.5017, 0, 0, 0, 40.5017, 0, 0, 0, 40.5017, 295.825, 3.8147e-005, 481.282 )

[node name="Collision" parent="BlackHole/Field" index="0"]
visible = true


[editable path="BlackHole"]
